@misc{BERT,
  doi = {10.48550/ARXIV.1810.04805},
  url = {https://arxiv.org/abs/1810.04805},
  author = {Devlin, Jacob and Chang, Ming-Wei and Lee, Kenton and Toutanova, Kristina},
  keywords = {Computation and Language (cs.CL), FOS: Computer and information sciences, FOS: Computer and information sciences},
  title = {BERT: Pre-training of Deep Bidirectional Transformers for Language Understanding},
  publisher = {arXiv},
  year = {2018},
  copyright = {arXiv.org perpetual, non-exclusive license}
}

@misc{RoBERTa,
  doi = {10.48550/ARXIV.1907.11692},
  url = {https://arxiv.org/abs/1907.11692},
  author = {Liu, Yinhan and Ott, Myle and Goyal, Naman and Du, Jingfei and Joshi, Mandar and Chen, Danqi and Levy, Omer and Lewis, Mike and Zettlemoyer, Luke and Stoyanov, Veselin},
  keywords = {Computation and Language (cs.CL), FOS: Computer and information sciences, FOS: Computer and information sciences},
  title = {RoBERTa: A Robustly Optimized BERT Pretraining Approach},
  publisher = {arXiv},
  year = {2019},
  copyright = {arXiv.org perpetual, non-exclusive license}
}

@misc{DeBERTa,
  doi = {10.48550/ARXIV.2006.03654},
  url = {https://arxiv.org/abs/2006.03654},
  author = {He, Pengcheng and Liu, Xiaodong and Gao, Jianfeng and Chen, Weizhu},
  keywords = {Computation and Language (cs.CL), Machine Learning (cs.LG), FOS: Computer and information sciences, FOS: Computer and information sciences, I.2; I.7, cs.CL, cs.GL},
  title = {DeBERTa: Decoding-enhanced BERT with Disentangled Attention},
  publisher = {arXiv},
  year = {2020},
  copyright = {arXiv.org perpetual, non-exclusive license}
}

@article{CM,
  author = {Satoshi Iizuka and Edgar Simo-Serra and Hiroshi Ishikawa},
  title = {{Globally and Locally Consistent Image Completion}},
  journal = "ACM Transactions on Graphics (Proc. of SIGGRAPH)",
  year = 2017,
  volume = 36,
  number = 4,
  pages = 107:1--107:14,
  articleno = 107,
}

@misc{ResNet,
  doi = {10.48550/ARXIV.1512.03385},
  url = {https://arxiv.org/abs/1512.03385},
  author = {He, Kaiming and Zhang, Xiangyu and Ren, Shaoqing and Sun, Jian},
  keywords = {Computer Vision and Pattern Recognition (cs.CV), FOS: Computer and information sciences, FOS: Computer and information sciences},
  title = {Deep Residual Learning for Image Recognition},
  publisher = {arXiv},
  year = {2015},
  copyright = {arXiv.org perpetual, non-exclusive license}
}

@article{Sketch-a-Net,
  title = {Sketch-a-net: A deep neural network that beats humans},
  author = {Yu, Qian and Yang, Yongxin and Liu, Feng and Song, Yi-Zhe and Xiang, Tao and Hospedales, Timothy M},
  journal = {International journal of computer vision},
  volume = {122},
  number = {3},
  pages = {411--425},
  year = {2017},
  publisher = {Springer}
}

@misc{Sketch-R2CNN,
  doi = {10.48550/ARXIV.1811.08170},
  url = {https://arxiv.org/abs/1811.08170},
  author = {Li, Lei and Zou, Changqing and Zheng, Youyi and Su, Qingkun and Fu, Hongbo and Tai, Chiew-Lan},
  keywords = {Computer Vision and Pattern Recognition (cs.CV), Graphics (cs.GR), FOS: Computer and information sciences, FOS: Computer and information sciences},
  title = {Sketch-R2CNN: An Attentive Network for Vector Sketch Recognition},
  publisher = {arXiv},  
  year = {2018},
  copyright = {arXiv.org perpetual, non-exclusive license}
}

@inproceedings{TC-Net,
  author = {Lin, Hangyu and Fu, Yanwei and Lu, Peng and Gong, Shaogang and Xue, Xiangyang and Jiang, Yu-Gang},
  title = {TC-Net for ISBIR: Triplet Classification Network for Instance-Level Sketch Based Image Retrieval},
  year = {2019},
  isbn = {9781450368896},
  publisher = {Association for Computing Machinery},
  address = {New York, NY, USA},
  url = {https://doi.org/10.1145/3343031.3350900},
  doi = {10.1145/3343031.3350900},
  booktitle = {Proceedings of the 27th ACM International Conference on Multimedia},
  pages = {1676â€“1684},
  numpages = {9},
  keywords = {triplet classification network, sketch, sbir},
  location = {Nice, France},
  series = {MM '19}
}

@misc{Sketch-RNN,
  doi = {10.48550/ARXIV.1704.03477},
  url = {https://arxiv.org/abs/1704.03477},
  author = {Ha, David and Eck, Douglas},
  keywords = {Neural and Evolutionary Computing (cs.NE), Machine Learning (cs.LG), Machine Learning (stat.ML), FOS: Computer and information sciences, FOS: Computer and information sciences},
  title = {A Neural Representation of Sketch Drawings},
  publisher = {arXiv},
  year = {2017},
  copyright = {arXiv.org perpetual, non-exclusive license}
}

@article{GPT,
  title = {Improving language understanding by generative pre-training},
  author = {Radford, Alec and Narasimhan, Karthik and Salimans, Tim and Sutskever, Ilya},
  year = {2018}
}

@misc{XLNet,
  doi = {10.48550/ARXIV.1906.08237},
  url = {https://arxiv.org/abs/1906.08237},
  author = {Yang, Zhilin and Dai, Zihang and Yang, Yiming and Carbonell, Jaime and Salakhutdinov, Ruslan and Le, Quoc V.},
  keywords = {Computation and Language (cs.CL), Machine Learning (cs.LG), FOS: Computer and information sciences, FOS: Computer and information sciences},
  title = {XLNet: Generalized Autoregressive Pretraining for Language Understanding},
  publisher = {arXiv},
  year = {2019},
  copyright = {Creative Commons Attribution 4.0 International}
}

@misc{MoCo,
  doi = {10.48550/ARXIV.1911.05722},
  url = {https://arxiv.org/abs/1911.05722},
  author = {He, Kaiming and Fan, Haoqi and Wu, Yuxin and Xie, Saining and Girshick, Ross},
  keywords = {Computer Vision and Pattern Recognition (cs.CV), FOS: Computer and information sciences, FOS: Computer and information sciences},
  title = {Momentum Contrast for Unsupervised Visual Representation Learning},
  publisher = {arXiv},
  year = {2019},
  copyright = {arXiv.org perpetual, non-exclusive license}
}

@inproceedings{Sketch-BERT,
  author = {Lin, Hangyu and Fu, Yanwei and Xue, Xiangyang and Jiang, Yu-Gang},
  title = {Sketch-BERT: Learning Sketch Bidirectional Encoder Representation From Transformers by Self-Supervised Learning of Sketch Gestalt},
  booktitle = {Proceedings of the IEEE/CVF Conference on Computer Vision and Pattern Recognition (CVPR)},
  month = {June},
  year = {2020},
  doi = {10.48550/ARXIV.2005.09159},
  url = {https://arxiv.org/abs/2005.09159},
  keywords = {Computer Vision and Pattern Recognition (cs.CV), Machine Learning (stat.ML), FOS: Computer and information sciences, FOS: Computer and information sciences},
  publisher = {arXiv},
  copyright = {arXiv.org perpetual, non-exclusive license}
}

@misc{Orc-BERT,
  author = "Han, Wenhui
    and Ren, Xinlin
    and Lin, Hangyu
    and Fu, Yanwei
    and Xue, Xiangyang",
  editor = "Ishikawa, Hiroshi
    and Liu, Cheng-Lin
    and Pajdla, Tomas
    and Shi, Jianbo",
  title = "Self-supervised Learning of Orc-Bert Augmentor for Recognizing Few-Shot Oracle Characters",
  booktitle = "Computer Vision -- ACCV 2020",
  year = "2021",
  publisher = "Springer International Publishing",
  address = "Cham",
  pages = "652--668",
  isbn="978-3-030-69544-6"
}

@misc{Oracle,
  url = {https://www.jstor.org/stable/605249},
  author = {Keightley, David},
  title = {Graphs, Words, and Meanings: Three Reference Works for Shang Oracle-Bone Studies, with an Excursus on the Religious Role of the Day or Sun.},
  booktitle = {Journal of the American Oriental Society},
  publisher = {JSTOR},
  year = {1997},
  volume={117},
  number={3},
  pages = {507--24}
}

@inproceedings{OBC306,
  author = {Huang, Shuangping and Wang, Haobin and Liu, Yongge and Shi, Xiaosong and Jin, Lianwen},
  booktitle = {2019 International Conference on Document Analysis and Recognition (ICDAR)}, 
  title = {OBC306: A Large-Scale Oracle Bone Character Recognition Dataset},
  year = {2019},
  volume = {},
  number = {},
  pages = {681-688},
  doi = {10.1109/ICDAR.2019.00114}
}

@incollection{Handwriting,
  doi = {10.1007/978-3-030-68238-5_38},
  url = {https://doi.org/10.1007%2F978-3-030-68238-5_38},
  year = 2020,
  publisher = {Springer International Publishing},
  pages = {528--543},
  author = {Martin Mayr and Martin Stumpf and Anguelos Nicolaou and Mathias Seuret and Andreas Maier and Vincent Christlein},
  title = {Spatio-Temporal Handwriting Imitation},
  booktitle = {Computer Vision {\textendash} {ECCV} 2020 Workshops}
}

@article{Hierachical,
  author = {Guo, Jun and Wang, Changhu and Roman-Rangel, Edgar and Chao, Hongyang and Rui, Yong},
  journal = {IEEE Transactions on Image Processing},
  title = {Building Hierarchical Representations for Oracle Character and Sketch Recognition},
  year = {2016},
  volume = {25},
  number = {1},
  pages = {104-118},
  doi = {10.1109/TIP.2015.2500019}
}

@inproceedings{Neighbor,
  author = {Zhang, Yi-Kang and Zhang, Heng and Liu, Yong-Ge and Yang, Qing and Liu, Cheng-Lin},
  booktitle = {2019 International Conference on Document Analysis and Recognition (ICDAR)},
  title = {Oracle Character Recognition by Nearest Neighbor Classification with Deep Metric Learning},
  year = {2019},
  volume = {},
  number = {},
  pages = {309-314},
  doi = {10.1109/ICDAR.2019.00057}
}

@InProceedings{SSD,
    author = "Meng, Lin
    and Lyu, Bing
    and Zhang, Zhiyu
    and Aravinda, C. V.
    and Kamitoku, Naoto
    and Yamazaki, Katsuhiro",
  editor = "Cristani, Marco
    and Prati, Andrea
    and Lanz, Oswald
    and Messelodi, Stefano
    and Sebe, Nicu",
  title = "Oracle Bone Inscription Detector Based on SSD",
  booktitle = "New Trends in Image Analysis and Processing -- ICIAP 2019",
  year = "2019",
  publisher = "Springer International Publishing",
  address = "Cham",
  pages = "126--136",
  isbn = "978-3-030-30754-7"
}

@inproceedings{Line,
  title = {Recognition of Oracle Bone Inscriptions by Extracting Line Features on Image Processing.},
  author = {Meng, Lin},
  booktitle = {ICPRAM},
  pages = {606--611},
  year = {2017}
}

@inproceedings{Detection,
  author = {Xing, Jici and Liu, Guoying and Xiong, Jing},
  title = {Oracle Bone Inscription Detection: A Survey of Oracle Bone Inscription Detection Based on Deep Learning Algorithm},
  year = {2019},
  isbn = {9781450376334},
  publisher = {Association for Computing Machinery},
  address = {New York, NY, USA},
  url = {https://doi.org/10.1145/3371425.3371434},
  doi = {10.1145/3371425.3371434},
  booktitle = {Proceedings of the International Conference on Artificial Intelligence, Information Processing and Cloud Computing},
  articleno = {39},
  numpages = {8},
  keywords = {detection, inscription, Oracle, bone},
  location = {Sanya, China},
  series = {AIIPCC '19}
}

@article{CNN,
  title = {Oracle-bone inscription recognition based on deep convolutional neural network},
  author = {Liu, Mengting and Liu, Guoying and Liu, Yongge and Jiao, Qingju},
  journal = {Journal of Image and Graphics},
  volume = {8},
  number = {4},
  pages = {114--119},
  year = {2020}
}

@inproceedings{Package,
    title = "Transformers: State-of-the-Art Natural Language Processing",
    author = "Wolf, Thomas  and
      Debut, Lysandre  and
      Sanh, Victor  and
      Chaumond, Julien  and
      Delangue, Clement  and
      Moi, Anthony  and
      Cistac, Pierric  and
      Rault, Tim  and
      Louf, Remi  and
      Funtowicz, Morgan  and
      Davison, Joe  and
      Shleifer, Sam  and
      von Platen, Patrick  and
      Ma, Clara  and
      Jernite, Yacine  and
      Plu, Julien  and
      Xu, Canwen  and
      Le Scao, Teven  and
      Gugger, Sylvain  and
      Drame, Mariama  and
      Lhoest, Quentin  and
      Rush, Alexander",
    booktitle = "Proceedings of the 2020 Conference on Empirical Methods in Natural Language Processing: System Demonstrations",
    month = oct,
    year = "2020",
    address = "Online",
    publisher = "Association for Computational Linguistics",
    url = "https://aclanthology.org/2020.emnlp-demos.6",
    doi = "10.18653/v1/2020.emnlp-demos.6",
    pages = "38--45",
}

@misc{MNIST,
  title = {MNIST handwritten digit database},
  author = {LeCun, Yann and Cortes, Corinna and Burges, Chris},
  year = {2010},
  publisher = {Florham Park, NJ, USA}
}